<?xml version="1.0" encoding="UTF-8"?>
<record xmlns="http://www.loc.gov/MARC21/slim" xmlns:xsi="http://www.w3.org/2001/XMLSchema-instance" xsi:schemaLocation="http://www.loc.gov/MARC21/slim http://www.loc.gov/standards/marcxml/schema/MARC21slim.xsd">
<leader>00000cam a22      a 4500</leader>
<controlfield tag="001">002954922</controlfield>
<controlfield tag="003">NNU</controlfield>
<controlfield tag="005">20150714162520.0</controlfield>
<controlfield tag="008">821108s1900    ua            000 0 araod</controlfield>
<datafield tag="035" ind1=" " ind2=" ">
<subfield code="a">(OCoLC)23520256</subfield>
</datafield>
<datafield tag="040" ind1=" " ind2=" ">
<subfield code="a">EYM</subfield>
<subfield code="b">eng</subfield>
<subfield code="c">EYM</subfield>
<subfield code="d">OCLCG</subfield>
<subfield code="d">NYP</subfield>
<subfield code="d">OCLCQ</subfield>
<subfield code="d">OCLCO</subfield>
<subfield code="d">OCLCF</subfield>
<subfield code="d">OCLCQ</subfield>
<subfield code="d">OCLCO</subfield>
<subfield code="d">NNU</subfield>
</datafield>
<datafield tag="050" ind1=" " ind2="4">
<subfield code="a">DS27</subfield>
<subfield code="b">.K22 1900</subfield>
</datafield>
<datafield tag="100" ind1="1" ind2=" ">
<subfield code="6">880-01</subfield>
<subfield code="a">Kātib al-Iṣfahānī, ʻImād al-Dīn Muḥammad ibn Muḥammad,</subfield>
<subfield code="d">1125-1201.</subfield>
</datafield>
<datafield tag="240" ind1="1" ind2="0">
<subfield code="6">880-02</subfield>
<subfield code="a">Zubdat al-nuṣrah wa-nukhbat al-ʻuṣrah.</subfield>
</datafield>
<datafield tag="245" ind1="1" ind2="0">
<subfield code="6">880-03</subfield>
<subfield code="a">Kitāb tārīkh Dawlat al-Saljūq / al-Iṣfahānī.</subfield>
<subfield code="c">min inshāʼ ʻImād al-Dīn Muḥammad ibn Muḥammad ibn Ḥāmid al-Iṣfahānī ; ikhtiṣār al-Fatḥ ibn ʻAlī ibn Muḥammad al-Bundārī</subfield>
</datafield>
<datafield tag="246" ind1="3" ind2="0">
<subfield code="6">880-04</subfield>
<subfield code="a">Tārīkh Dawlat al-Saljūq</subfield>
</datafield>
<datafield tag="246" ind1="3" ind2="0">
<subfield code="6">880-05</subfield>
<subfield code="a">Saljūq</subfield>
</datafield>
<datafield tag="260" ind1=" " ind2=" ">
<subfield code="6">880-06</subfield>
<subfield code="a">Miṣr :</subfield>
<subfield code="b">Maṭbaʻat al-Mawsūʻāt,</subfield>
<subfield code="c">1900.</subfield>
</datafield>
<datafield tag="300" ind1=" " ind2=" ">
<subfield code="a">284 pages ;</subfield>
<subfield code="c">24 cm</subfield>
</datafield>
<datafield tag="336" ind1=" " ind2=" ">
<subfield code="a">text</subfield>
<subfield code="b">txt</subfield>
<subfield code="2">rdacontent</subfield>
</datafield>
<datafield tag="337" ind1=" " ind2=" ">
<subfield code="a">unmediated</subfield>
<subfield code="b">n</subfield>
<subfield code="2">rdamedia</subfield>
</datafield>
<datafield tag="338" ind1=" " ind2=" ">
<subfield code="a">volume</subfield>
<subfield code="b">nc</subfield>
<subfield code="2">rdacarrier</subfield>
</datafield>
<datafield tag="650" ind1=" " ind2="0">
<subfield code="a">Seljuks</subfield>
<subfield code="x">History.</subfield>
</datafield>
<datafield tag="650" ind1=" " ind2="7">
<subfield code="a">Seljuks.</subfield>
<subfield code="2">fast</subfield>
<subfield code="0">(OCoLC)fst01111954</subfield>
</datafield>
<datafield tag="655" ind1=" " ind2="7">
<subfield code="a">History.</subfield>
<subfield code="2">fast</subfield>
<subfield code="0">(OCoLC)fst01411628</subfield>
</datafield>
<datafield tag="700" ind1="1" ind2=" ">
<subfield code="6">880-07</subfield>
<subfield code="a">Kātib al-Iṣfahānī, ʻImād al-Dīn Muḥammad ibn Muḥammad,</subfield>
<subfield code="d">1125-1201.</subfield>
<subfield code="t">Nuṣrat al-fiṭrah wa-ʻuṣrat al-qaṭrah.</subfield>
</datafield>
<datafield tag="776" ind1="0" ind2="8">
<subfield code="i">Online version:</subfield>
<subfield code="a">Kātib al-Iṣfahānī, ʻImād al-Dīn Muḥammad ibn Muḥammad, 1125-1201.</subfield>
<subfield code="t">Kitāb tārīkh Dawlat al-Saljūq.</subfield>
<subfield code="d">[al-Qāhirah] : Maṭbaʻat al-Mawsūʻāt, 1900</subfield>
<subfield code="w">(OCoLC)607792944</subfield>
</datafield>
<datafield tag="880" ind1="1" ind2=" ">
<subfield code="6">100-01/</subfield>
<subfield code="a">كاتب الاصفهاني، عاماد الدين محمد بن محمد،</subfield>
<subfield code="d">1125-1201.</subfield>
</datafield>
<datafield tag="880" ind1="1" ind2="0">
<subfield code="6">240-02/</subfield>
<subfield code="a">‏زبدة النصرة ونخبة العصرة.‏</subfield>
</datafield>
<datafield tag="880" ind1="1" ind2="0">
<subfield code="6">245-03/</subfield>
<subfield code="a">‏كتاب تاريخ دولة السلجوق /‏</subfield>
<subfield code="c">‏من انشاء عماد الدين محمد بن محمد بن حامد الاصفهاني ؛ اختصار الفتح بن علي بن محمد البنداري الاصفهاني.</subfield>
</datafield>
<datafield tag="880" ind1="3" ind2="0">
<subfield code="6">246-04/</subfield>
<subfield code="a">‏تاريخ دولة السلجوق</subfield>
</datafield>
<datafield tag="880" ind1="3" ind2="0">
<subfield code="6">246-05/</subfield>
<subfield code="a">سلجوق</subfield>
</datafield>
<datafield tag="880" ind1=" " ind2=" ">
<subfield code="6">260-06/</subfield>
<subfield code="a">‏مصر :‏</subfield>
<subfield code="b">‏مطبعة الموسوعات،‏</subfield>
<subfield code="c">‏1900.</subfield>
</datafield>
<datafield tag="880" ind1="1" ind2=" ">
<subfield code="6">700-07/</subfield>
<subfield code="a">‏كاتب الإصفهاني، عماد الدين محمد بن محمد،‏,</subfield>
<subfield code="d">‏‪1201-1125‬.‏.</subfield>
<subfield code="t">‏نصرة الفطرة وعصرة القطرة.‏</subfield>
</datafield>
<datafield tag="OWN" ind1=" " ind2=" ">
<subfield code="a">GENERAL</subfield>
</datafield>
<datafield tag="AVA" ind1=" " ind2=" ">
<subfield code="a">NYU50</subfield>
<subfield code="b">BOBST</subfield>
<subfield code="c">Main Collection</subfield>
<subfield code="d">DS27 .K37 1900</subfield>
<subfield code="e">unavailable</subfield>
<subfield code="t">Unavailable</subfield>
<subfield code="f">1</subfield>
<subfield code="g">1</subfield>
<subfield code="h">N</subfield>
<subfield code="i">0</subfield>
<subfield code="j">MAIN</subfield>
<subfield code="k">0</subfield>
</datafield>
</record>
